<record><leader>00000cas a22000007a 4500</leader><controlfield tag="001">19349563</controlfield><controlfield tag="008">890313d19691971mouwr ne      0    0eng d</controlfield><datafield ind1=" " ind2=" " tag="010"><subfield code="a">sn 89066422 </subfield></datafield><datafield ind1=" " ind2=" " tag="040"><subfield code="a">MQN</subfield><subfield code="b">eng</subfield><subfield code="c">MQN</subfield><subfield code="d">OCLCQ</subfield></datafield><datafield ind1=" " ind2=" " tag="042"><subfield code="a">msc</subfield></datafield><datafield ind1="0" ind2=" " tag="130"><subfield code="a">Press-dispatch (De Soto, Mo.)</subfield></datafield><datafield ind1="1" ind2="4" tag="245"><subfield code="a">The press-dispatch.</subfield></datafield><datafield ind1=" " ind2=" " tag="260"><subfield code="a">De Soto and Bonne Terre, Mo. :</subfield><subfield code="b">Roop Print. Co.,</subfield><subfield code="c">1969-1971.</subfield></datafield><datafield ind1=" " ind2=" " tag="300"><subfield code="a">v.</subfield></datafield><datafield ind1=" " ind2=" " tag="310"><subfield code="a">Weekly</subfield></datafield><datafield ind1="0" ind2=" " tag="362"><subfield code="a">Vol. 78, no. 28 (Sept. 15, 1969)-v. 80, no. 10 (May 10, 1971).</subfield></datafield><datafield ind1=" " ind2=" " tag="515"><subfield code="a">Continues numbering of: De Soto press (De Soto, Mo. : 1891).</subfield></datafield><datafield ind1=" " ind2=" " tag="752"><subfield code="a">United States</subfield><subfield code="b">Missouri</subfield><subfield code="c">Jefferson</subfield><subfield code="d">De Soto.</subfield></datafield><datafield ind1=" " ind2=" " tag="752"><subfield code="a">United States</subfield><subfield code="b">Missouri</subfield><subfield code="c">Saint Francois</subfield><subfield code="d">Bonne Terre.</subfield></datafield><datafield ind1="0" ind2="4" tag="780"><subfield code="t">North county dispatch</subfield><subfield code="w">(DLC)sn 89066290</subfield></datafield><datafield ind1="0" ind2="4" tag="780"><subfield code="t">De Soto press (De Soto, Mo. : 1891)</subfield><subfield code="w">(DLC)sn 89066421</subfield></datafield><datafield ind1="0" ind2="0" tag="785"><subfield code="t">De Soto press (De Soto, Mo. : 1971)</subfield><subfield code="w">(DLC)sn 89066423</subfield></datafield></record>